
@article{alphago,
	Author = {Silver, David and Huang, Aja and Maddison, Chris J. and Guez, Arthur and Sifre, Laurent and van den Driessche, George and Schrittwieser, Julian and Antonoglou, Ioannis and Panneershelvam, Veda and Lanctot, Marc and Dieleman, Sander and Grewe, Dominik and Nham, John and Kalchbrenner, Nal and Sutskever, Ilya and Lillicrap, Timothy and Leach, Madeleine and Kavukcuoglu, Koray and Graepel, Thore and Hassabis, Demis},
	Date = {2016/01/27/online},
	Date-Added = {2019-10-31 16:36:08 +0000},
	Date-Modified = {2019-10-31 16:36:08 +0000},
	Day = {27},
	Journal = {Nature},
	L3 = {10.1038/nature16961; https://www.nature.com/articles/nature16961#supplementary-information},
	M3 = {Article},
	Month = {01},
	Pages = {484 EP  -},
	Publisher = {Nature Publishing Group, a division of Macmillan Publishers Limited. All Rights Reserved. SN  -},
	Title = {Mastering the game of Go with deep neural networks and tree search},
	Ty = {JOUR},
	Url = {https://doi.org/10.1038/nature16961},
	Volume = {529},
	Year = {2016},
	Bdsk-Url-1 = {https://doi.org/10.1038/nature16961}}
@article{tdgammon,
 author = {Tesauro, Gerald},
 title = {TD-Gammon, a Self-teaching Backgammon Program, Achieves Master-level Play},
 journal = {Neural Comput.},
 issue_date = {March 1994},
 volume = {6},
 number = {2},
 month = mar,
 year = {1994},
 issn = {0899-7667},
 pages = {215--219},
 numpages = {5},
 url = {http://dx.doi.org/10.1162/neco.1994.6.2.215},
 doi = {10.1162/neco.1994.6.2.215},
 acmid = {188107},
 publisher = {MIT Press},
 address = {Cambridge, MA, USA},
} 

@article{card,
  author    = {Henry Charlesworth},
  title     = {Application of Self-Play Reinforcement Learning to a Four-Player Game
               of Imperfect Information},
  journal   = {CoRR},
  volume    = {abs/1808.10442},
  year      = {2018},
  url       = {http://arxiv.org/abs/1808.10442},
  archivePrefix = {arXiv},
  eprint    = {1808.10442},
  timestamp = {Mon, 03 Sep 2018 13:36:40 +0200},
  biburl    = {https://dblp.org/rec/bib/journals/corr/abs-1808-10442},
  bibsource = {dblp computer science bibliography, https://dblp.org}
}

@article{asp,
  title={A Glimpse of Answer Set Programming},
  author={Christian Anger and Kathrin Konczak and Thomas Linke and Torsten Schaub},
  year={2005},
  volume={19},
  pages={12-}
}